Automatically generated by Mendeley 0.9.9.2
Any changes to this file will be lost if it is regenerated by Mendeley.

@misc{Cantone2008c,
author = {Cantone, Josh},
file = {:Volumes/Data/localDataNoBackup/z3235728/Mendeley/Cantone/Unknown/Cantone - 2008 - The Rise of Twitter as a Platform for Serious Discourse.html:html},
title = {{The Rise of Twitter as a Platform for Serious Discourse}},
url = {http://bit.ly/b5lXFs http://www.readwriteweb.com/archives/the\_rise\_of\_twitter\_as\_a\_platform\_for\_serious\_discourse.php},
year = {2008}
}
@article{Granovetter1983c,
abstract = {In this chapter I review empirical studies directly testing the hypotheses of my 1973 paper "The Strength of Weak Ties" (hereafter "SWT") and work that elaborates those hypotheses theoretically or uses them to suggest new empirical research not discussed in my original formulation. Along the way, I will reconsider various aspects of the theoretical argument, attempt to plug some holes, and broaden its base.},
author = {Granovetter, M.},
file = {:Volumes/Data/localDataNoBackup/z3235728/Mendeley/Granovetter/Sociological Theory/Granovetter - 1983 - The strength of weak ties a network theory revisited.pdf:pdf},
journal = {Sociological Theory},
pages = {201--233},
shorttitle = {The Strength of Weak Ties},
title = {{The strength of weak ties: a network theory revisited}},
url = {http://www.jstor.org/stable/202051?cookieSet=1},
volume = {1},
year = {1983}
}
@misc{Santhanam2010c,
author = {Santhanam, Vijay and Dowling, Iain and Donnelly, Damien and Holmes, Chris and Vandel, Jeremy},
file = {:Volumes/Data/localDataNoBackup/z3235728/Mendeley/Santhanam et al./Unknown/Santhanam et al. - 2010 - Politicians On Twitter.html:html},
title = {{Politicians On Twitter}},
url = {http://bit.ly/c7gRLc http://tweetmp.org.au/mps/tweeters},
year = {2010}
}
@misc{Bryant2006c,
author = {Bryant, Lee},
file = {:Volumes/Data/localDataNoBackup/z3235728/Mendeley/Bryant/Unknown/Bryant - 2006 - Humanising the Enterprise through Ambient Social Knowledge.html:html},
title = {{Humanising the Enterprise through Ambient Social Knowledge}},
url = {http://bit.ly/c2L9Wg http://www.headshift.com/blog/2006/03/humanising-the-enterprise-thro.php},
year = {2006}
}
@misc{Jerga2010c,
author = {Jerga, Josh},
booktitle = {Brisbane Times},
file = {:Volumes/Data/localDataNoBackup/z3235728/Mendeley/Jerga/Brisbane Times/Jerga - 2010 - How Twitter broke leadership spill.html:html},
month = jun,
title = {{How Twitter broke leadership spill}},
url = {http://bit.ly/cHP0ih http://news.brisbanetimes.com.au/breaking-news-national/how-twitter-broke-leadership-spill-20100624-z1zv.html},
year = {2010}
}
@misc{Stone2009c,
author = {Stone, Biz},
file = {:Volumes/Data/localDataNoBackup/z3235728/Mendeley/Stone/Unknown/Stone - 2009 - There's a List for That.html:html},
title = {{There's a List for That}},
url = {http://bit.ly/9V5oyr http://blog.twitter.com/2009/10/theres-list-for-that.html},
year = {2009}
}
@misc{Wise2010c,
author = {Wise, Ben},
file = {:Volumes/Data/localDataNoBackup/z3235728/Mendeley/Wise/Unknown/Wise - 2010 - Rudd, Gillard dominate Twitterverse with \#spill story.html:html},
title = {{Rudd, Gillard dominate Twitterverse with \#spill story}},
url = {http://bit.ly/98ex8U http://www.3aw.com.au/blogs/3aw-generic-blog/rudd-gillard-dominate-twitterverse/20100624-yzhz.html},
year = {2010}
}
@book{Foucault1970c,
author = {Foucault, Michel},
booktitle = {Social Science Information},
number = {1},
pages = {175},
publisher = {MSH},
title = {{The Archaeology of Knowledge}},
url = {http://scholar.google.com/scholar?hl=en\&btnG=Search\&q=intitle:The+archaeology+of+knowledge\#0},
volume = {9},
year = {1970}
}
@misc{Greenpeace2010c,
author = {Greenpeace},
file = {:Volumes/Data/localDataNoBackup/z3235728/Mendeley/Greenpeace/Unknown/Greenpeace - 2010 - Nestl\'{e} doesn't deserve a break.html:html},
title = {{Nestl\'{e} doesn't deserve a break}},
url = {http://bit.ly/bdM2XY http://www.greenpeace.org/international/en/news/features/Nestle-needs-to-give-rainfores/},
year = {2010}
}
@book{DeBeauvoir1993,
author = {{De Beauvoir}, S. and Hoare, Quintin},
month = may,
pages = {1374},
publisher = {Arcade Pub},
title = {{Letters to Sartre}},
url = {http://books.google.com/books?hl=en\&amp;lr=\&amp;id=h6gWepdzVlYC\&amp;oi=fnd\&amp;pg=PR7\&amp;dq=Letters+to+Sartre\&amp;ots=m2AIAYdtQC\&amp;sig=iTh3gbB\_FamiXVYTSEXDjd07Hz4},
year = {1993}
}
@techreport{Anderson2010c,
author = {Anderson, Janna Quitney and Rainie, Lee},
booktitle = {citeulike.org},
file = {:Volumes/Data/localDataNoBackup/z3235728/Mendeley/Anderson, Rainie/citeulike.org/Anderson, Rainie - 2010 - The future of social relations.pdf:pdf},
institution = {Pew Research Center},
series = {The Future of the Internet},
title = {{The future of social relations}},
url = {http://bit.ly/bXCaKO http://pewinternet.org/~/media//Files/Reports/2010/PIP\_Future\_of\_Internet\_ 2010\_social\_relations.pdf},
year = {2010}
}
@misc{Berger2010c,
author = {Berger, Michiel},
file = {:Volumes/Data/localDataNoBackup/z3235728/Mendeley/Berger/Unknown/Berger - 2010 - Twitter Clients.html:html},
title = {{Twitter Clients}},
url = {http://twitstat.com/twitterclientusers.html},
year = {2010}
}
@article{Earle2010c,
author = {Earle, P. and Guy, M. and Buckmaster, R. and Ostrum, C. and Horvath, S. and Vaughan, A.},
file = {:Volumes/Data/localDataNoBackup/z3235728/Mendeley/Earle et al./Seismological Research Letters/Earle et al. - 2010 - OMG Earthquake! Can Twitter improve earthquake response.html:html},
journal = {Seismological Research Letters},
number = {2},
pages = {246},
title = {{OMG Earthquake! Can Twitter improve earthquake response?}},
url = {http://srl.geoscienceworld.org/cgi/content/extract/81/2/246},
volume = {81},
year = {2010}
}
@book{Hofstede2001c,
author = {Hofstede, G.},
file = {:Volumes/Data/localDataNoBackup/z3235728/Mendeley/Hofstede/Unknown/Hofstede - 2001 - Culture's consequences Comparing values, behaviors, institutions, and organizations across nations.html:html},
publisher = {Sage Publications, Inc},
shorttitle = {Culture's consequences},
title = {{Culture's consequences: Comparing values, behaviors, institutions, and organizations across nations}},
url = {http://books.google.com/books?hl=en\&amp;lr=\&amp;id=w6z18LJ\_1VsC\&amp;oi=fnd\&amp;pg=PR15\&amp;dq=Culture's+consequences:+Comparing+values,+behaviors,+institutions,+and+organizations+across+nations\&amp;ots=x4htDbGuhZ\&amp;sig=0xN-MtUj4xrxC8RScRNCA9Y4Yr0},
year = {2001}
}
@misc{Gurin2009c,
author = {Gurin, Crystal},
file = {:Volumes/Data/localDataNoBackup/z3235728/Mendeley/Gurin/Unknown/Gurin - 2009 - Twitter Tally.html:html},
title = {{Twitter Tally}},
url = {http://bit.ly/dbhYuO http://www.emarketer.com/Articles/Print.aspx?1007059},
year = {2009}
}
@misc{Cheng2010c,
author = {Cheng, Alex},
file = {:Volumes/Data/localDataNoBackup/z3235728/Mendeley/Cheng/Unknown/Cheng - 2010 - Six Degrees of Separation, Twitter Style.html:html},
title = {{Six Degrees of Separation, Twitter Style}},
url = {http://bit.ly/d4p4Ag http://sysomos.com/insidetwitter/sixdegrees/},
year = {2010}
}
@misc{Watts2010c,
author = {Watts, Liz},
file = {:Volumes/Data/localDataNoBackup/z3235728/Mendeley/Watts/Unknown/Watts - 2010 - ABC1 launches on-air twitter highlights feed for Q\&A.html:html},
title = {{ABC1 launches on-air twitter highlights feed for Q\&A}},
url = {http://bit.ly/bk7Cck http://blogs.abc.net.au/abc\_tv/2010/04/abc1-launches-onair-twitter-highlights-feed-for-qa.html},
year = {2010}
}
@book{Simmel1964c,
author = {Simmel, G.},
file = {:Volumes/Data/localDataNoBackup/z3235728/Mendeley/Simmel/Unknown/Simmel - 1964 - Conflict and the web of group affiliations.html:html},
publisher = {Free Pr},
title = {{Conflict and the web of group affiliations}},
url = {http://books.google.com/books?hl=en\&amp;lr=\&amp;id=jYksX9VzDkkC\&amp;oi=fnd\&amp;pg=PA7\&amp;dq=Conflict+and+the+web+of+group+affiliations\&amp;ots=7ym49kBQgS\&amp;sig=yhyiDdQtgD0z6T6V4rrWcBezAxo},
year = {1964}
}
@techreport{Fox2009c,
address = {Washington, DC},
author = {Fox, S. and Zickuhr, K. and Smith, A.},
booktitle = {Retrieved from http://pewinternet. org/Reports/2009/17-Twitter-and-Status-Updating-Fall-2009. aspx},
file = {:Volumes/Data/localDataNoBackup/z3235728/Mendeley/Fox, Zickuhr, Smith/Retrieved from httppewinternet. orgReports200917-Twitter-and-Status-Updating-Fall-2009. aspx/Fox, Zickuhr, Smith - 2009 - Twitter and status updating, fall 2009.pdf:pdf},
institution = {Pew Internet \& American Life Project},
series = {Twitter and Status Updating},
title = {{Twitter and status updating, fall 2009}},
url = {http://posterous.com/getfile/files.posterous.com/steverubel/zRc6mYjMrYY30rmISs1P7uamoFnwnMleEsZq9I549axQx3rMsJynsuCQjWRU/PIP\_Twitter\_Fall\_2009.pdf},
year = {2009}
}
@misc{Nurmi2010c,
author = {Nurmi, Sam},
file = {:Volumes/Data/localDataNoBackup/z3235728/Mendeley/Nurmi/Unknown/Nurmi - 2010 - The most popular social sharing options on the top blogs.html:html},
title = {{The most popular social sharing options on the top blogs}},
url = {http://bit.ly/9KCXdx http://royal.pingdom.com/2010/03/31/the-most-popular-social-sharing-options-on-the-top-blogs/},
year = {2010}
}
